@misc{PROCESSING,
  title = {Processing},
  howpublished = {\url{https://processing.org/}},
  note = {Accessed: 18-02-2017}
}

@article{SAKBOT,
    author =       "Cucchiara,Grana,Neri,Picardi,Prati",
    title =        "The Sakbot System for Moving Object Detection and Tracking",
	howpublished = {\url{http://imagelab.ing.unimore.it/imagelab/pubblicazioni/Avbs2001CucchiaraGranaNeriPiccardiPrati.pdf}},
    note = {Accessed: 20-02-2017}
}
 
@misc{SHIFFMAN,
  title = {Daniel Shiffman},
  howpublished = {\url{http://shiffman.net/}},
  note = {Accessed: 20-02-2017}
}

@misc{SKIN,
  author = {Oron Cattes and lonat Zurr}
  title = {Victimless Leather},
  howpublished = {\url{http://www.fact.co.uk/projects/sk-interfaces/the-tissue-culture-art-project-oron-cattes-and-lonat-zurr-victimless-leather.aspx}},
  note = {Accessed: 20-02-2017}
}

@misc{KANBAN,
  title = {Kanban Methodology},
  howpublished = {\url{https://www.atlassian.com/agile/kanban}},
  note = {Accessed: 20-02-2017}
}

@misc{RPROCESSING,
	title = {Processing subreddit},
    howpublished = {\url{https://www.reddit.com/r/processing/}},
    note = {Accessed: 24-02-2017}
}

@misc{OPENCV,
	title = {OpenCV for Processing library},
    howpublished = {\url{https://github.com/atduskgreg/opencv-processing}},
    note = {Accessed: 27-02-2017}
}


@misc{UX,
	title = {Simon Harper,UX from 30,000ft},
    howpublished = {\url{https://leanpub.com/UX/read}},
    note = {Accessed: 22-03-2017}
}

@misc{G4P,
	title = {Peter Lager, GUI 4 Processing},
    howpublished = {\url{http://www.lagers.org.uk/g4p/}},
    note = {Accessed: 22-03-2017}
}


